@article{placeholder,
    author  = "Mr. Nobody",
    title   = "Interesting Title",
    year    = "2050",
    journal = "Important Journal"
}